@ARTICLE{bowman:reasoning,
	AUTHOR = "Mic Bowman and Saumya K. Debray and Larry L. Peterson",
	TITLE = "Reasoning About Naming Systems",
	JOURNAL = "ACM Trans. Program. Lang. Syst.",
	VOLUME = {15},
	NUMBER = {5},
	PAGES = {795-825},
	MONTH = "November",
	YEAR = {1993}	}

@ARTICLE{braams:babel,
	AUTHOR = "Johannes Braams",
	TITLE = "Babel, a Multilingual Style-Option System for Use with LaTeX's Standard Document Styles",
	JOURNAL = {TUGboat},
	VOLUME = {12},
	NUMBER = {2},
	PAGES = {291-301},
	MONTH = "June",
	YEAR = {1991}	}

@INPROCEEDINGS{clark:pct,
	AUTHOR = "Malcolm Clark",
	TITLE = "Post Congress Tristesse",
	BOOKTITLE = "TeX90 Conference Proceedings",
	PAGES = "84-89",
	ORGANIZATION = "TeX Users Group",
	MONTH = "March",
	YEAR = {1991}	}

@ARTICLE{herlihy:methodology,
	AUTHOR = "Maurice Herlihy",
	TITLE = "A Methodology for Implementing Highly Concurrent
	Data Objects",
	JOURNAL = {ACM Trans. Program. Lang. Syst.},
	VOLUME = {15},
	NUMBER = {5},
	PAGES = {745-770},
	MONTH = "November",
	YEAR = {1993}	}

@BOOK{Lamport:LaTeX,
	AUTHOR = "Leslie Lamport",
	TITLE = "LaTeX User's Guide and Document Reference Manual",
	PUBLISHER = "Addison-Wesley Publishing Company",
	ADDRESS = "Reading, Massachusetts",
	YEAR = "1986"	}

@BOOK{salas:calculus,
	AUTHOR = "S.L. Salas and Einar Hille",
	TITLE = "Calculus: One and Several Variable",
	PUBLISHER = "John Wiley and Sons",
	ADDRESS = "New York",
	YEAR = "1978"	}

@inproceedings{findlater2013age,
  title={Age-related differences in performance with touchscreens compared to traditional mouse input},
  author={Findlater, Leah and Froehlich, Jon E and Fattal, Kays and Wobbrock, Jacob O and Dastyar, Tanya},
  booktitle={Proceedings of the SIGCHI Conference on Human Factors in Computing Systems},
  pages={343--346},
  year={2013},
  organization={ACM}
}

@inproceedings{sauro2009comparison,
  title={Comparison of three one-question, post-task usability questionnaires},
  author={Sauro, Jeff and Dumas, Joseph S},
  booktitle={Proceedings of the SIGCHI Conference on Human Factors in Computing Systems},
  pages={1599--1608},
  year={2009},
  organization={ACM}
}

@article{heuwing2015usability,
  title={Usability of Gesture-based Mobile Applications for First-time Use},
  author={Heuwing, Ben and K{\"o}ller, Ina and Schanz, Viktor and Mandl, Thomas},
  journal={Mensch und Computer 2015--Proceedings},
  year={2015},
  publisher={De Gruyter Oldenbourg}
}





